@misc{ grossi,
	author = "R. Grossi and A. Gupta and J. S. Vitter",
	title = "High-order entropy-compressed text indexes",
	year = "2003"
}

@misc{ navarro,
	author = "G. Navarro",
	title = "Wavelet Trees for All",
	year = "2012"
}

@mastersthesis{ bowe-th,
	author = "A. Bowe",
	title = "Multiary Wavelet Trees in Practice",
	school = "School of Computer Science and Information Technology, RMIT University",
	year = "2010"
}

@misc{ breberic,
	author = "M. Breberić, L. Volarić Horvat and J. Keleman",
	title = "Izgradnja binarnog stabla valića kao RRR strukture",
	year = "2017"
}

@misc { gonzalez,
	author = "R. Gonzalez and S. Grabowski and V. Makien and G. Navarro",
	title = "Practical Implementation of Rank and Select Queries",
	year = "2005"
}

@misc{ bowe-rrr,
    author = "A. Bowe",
    title = "RRR – A Succinct Rank/Select Index for Bit Vectors",
    url = "http://alexbowe.com/rrr/",
    year = "1.6.2011",
    note = "pristupano 2.12.2017"
}

@misc{ bowe-wwlt,
	author = "A. Bowe",
    title = "Wavelet Trees – an Introduction",
    url = "http://alexbowe.com/wavelet-trees/",
    year = "28.6.2011",
    note = "pristupano 2.12.2017"
}